<?xml version="1.0" encoding="UTF-8"?><collection xmlns="http://www.loc.gov/MARC21/slim"><record><leader>00330nam--2200133-i-4500</leader><controlfield tag="001">000020798</controlfield><controlfield tag="002">20161230</controlfield><controlfield tag="005">20161230201033</controlfield><controlfield tag="008">060222s1000------------r-----000-0-eng-d</controlfield><datafield ind1=" " ind2=" " tag="080"><subfield code="a">0-86024-082-7</subfield></datafield><datafield ind1=" " ind2=" " tag="245"><subfield code="a">Which degree 1979</subfield></datafield><datafield ind1=" " ind2=" " tag="260"><subfield code="a">London, Haymarket Publishing Limited, 1978 1228 P</subfield></datafield><datafield ind1=" " ind2=" " tag="700"><subfield code="a">Audrey Segal</subfield></datafield><datafield ind1=" " ind2=" " tag="852"><subfield code="a">80748</subfield></datafield></record></collection>